@article{shannon48,
  added-at = {2013-12-17T10:51:05.000+0100},
  author = {Shannon, Claude},
  biburl = {http://www.bibsonomy.org/bibtex/244eefdcbe008f7f0406568a9bc9f896e/jullybobble},
  interhash = {754130207906fcec16a53d330eeff348},
  intrahash = {44eefdcbe008f7f0406568a9bc9f896e},
  journal = {Bell System Technical Journal},
  key = {Shannon},
  keywords = {intro phd},
  month = {July, October},
  pages = {379--423, 623--656},
  timestamp = {2013-12-17T10:51:05.000+0100},
  title = {A Mathematical Theory of Communication},
  url = {http://cm.bell-labs.com/cm/ms/what/shannonday/shannon1948.pdf},
  volume = 27,
  year = 1948
}
