@ARTICLE{becker2008a,
  author = {Steffen Becker and Heiko Koziolek and Ralf Reussner},
  title = {{The Palladio Component Model for Model-driven Performance Prediction}},
  journal = {Journal of Systems and Software},
  year = {2009},
  volume = {82},
  pages = {3--22},
  doi = {10.1016/j.jss.2008.03.066},
  publisher = {Elsevier Science Inc.},
  url = {http://dx.doi.org/10.1016/j.jss.2008.03.066}
}

@book{teising2009neonatologische,
	title={Neonatologische und pädiatrische Intensivpflege: Praxisleitfaden und Lernbuch ; [jetzt mit pädiatrischer Anästhesiepflege]},
	author={Teising, D. and Jipp, H.},
	isbn={9783540793229},
	url={https://books.google.de/books?id=ty460psq2B8C},
	year={2009},
	publisher={Springer}
}

@Article{roeggla2001,
	author="Röggla, M.
	and Wagner, A.
	and Eisenburger, P.
	and Frossard, M.
	and Holzer, M.
	and Röggla, G.",
	title="Wiederbelebung bei Hypothermie und Ertrinken",
	journal="Notfall {\&} Rettungsmedizin",
	year="2001",
	month="Nov",
	day="01",
	volume="4",
	number="7",
	pages="482--488",
	issn="1434-6222",
	doi="10.1007/s100490170012",
	url="https://doi.org/10.1007/s100490170012"
}

@online{dlrgwuerttemberg2017,
	author = {DLRG LV Württemberg},
	title = {Statistik des Wasserrettungsdienstes (WRD) Landesverband Württemberg 2017},
	date = {11.12.2018},
	url = {https://wuerttemberg.dlrg.de/retten/einsatz/statistik-lv-wuerttemberg.html}
}


